%%%%%%%%%%%%%%%%%%%%%%%%%%%%%%%%%%%%%%%%%%%%%%%%%%%%%%%%%%%%%%%%%%%%%%%%%%%%%%%%
% ECMAScript and Test262
%%%%%%%%%%%%%%%%%%%%%%%%%%%%%%%%%%%%%%%%%%%%%%%%%%%%%%%%%%%%%%%%%%%%%%%%%%%%%%%%
@misc{es12,
  title = {{ECMA-262, 12th edition, ECMAScript \textregistered 2021
           Language Specification}},
  year = {2021},
  url = {https://262.ecma-international.org/12.0/},
  lastaccessed = {November 19, 2021},
}

@misc{test262,
  title = {{Test262: A conformanece test suite for the latest draft of
           ECMAScript}},
  year = {2021},
  url = {https://github.com/tc39/test262},
  lastaccessed = {November 19, 2021},
}

%%%%%%%%%%%%%%%%%%%%%%%%%%%%%%%%%%%%%%%%%%%%%%%%%%%%%%%%%%%%%%%%%%%%%%%%%%%%%%%%
% JavaScript Engines
%%%%%%%%%%%%%%%%%%%%%%%%%%%%%%%%%%%%%%%%%%%%%%%%%%%%%%%%%%%%%%%%%%%%%%%%%%%%%%%%
@misc{v8,
  title = {{V8: A JavaScript engine developed by Google for Node.js and
           Chrome}},
  year = {2021},
  url = {https://v8.dev/},
  lastaccessed = {November 19, 2021},
}

@misc{jscore,
  title = {{JavaScriptCore: A JavaScript engine developed by Apple for Safari}},
  year = {2021},
  url = {https://developer.apple.com/documentation/javascriptcore},
  lastaccessed = {November 19, 2021},
}

@misc{chakra,
  title = {{ChakraCore: A JavaScript engine developed by Microsoft for Internet
           Explorer}},
  year = {2021},
  url = {https://developer.apple.com/documentation/javascriptcore},
  lastaccessed = {November 19, 2021},
}

@misc{spidermonkey,
  title = {{SpiderMonkey: A JavaScript engine developed by Mozilla for
           Firefox}},
  year = {2021},
  url = {https://spidermonkey.dev/},
  lastaccessed = {November 19, 2021},
}

%%%%%%%%%%%%%%%%%%%%%%%%%%%%%%%%%%%%%%%%%%%%%%%%%%%%%%%%%%%%%%%%%%%%%%%%%%%%%%%%
% JavaScript Static Analyzer
%%%%%%%%%%%%%%%%%%%%%%%%%%%%%%%%%%%%%%%%%%%%%%%%%%%%%%%%%%%%%%%%%%%%%%%%%%%%%%%%
@InProceedings{safe,
  title =	{{SAFE: Formal Specification and Implementation of a Scalable
           Analysis Framework for ECMAScript}},
  author={Lee, Hongki and Won, Sooncheol and Jin, Joonho and Cho, Junhee and
          Ryu, Sukyoung},
  booktitle =	{Proceedings of 19th International Workshop on Foundations of
               Object-Oriented Languages (FOOL)},
  year = {2012},
}

@inproceedings{safe2,
  title = {{Analysis of JavaScript Web Applications Using SAFE 2.0}},
  author = {Park, Jihyeok and Ryou, Yeonhee and Park, Joonyoung and Ryu,
            Sukyoung},
  booktitle = {Proceedings of the 39th IEEE/ACM International Conference on
               Software Engineering Companion (ICSE-C)},
  year = {2017},
  doi = {10.1109/ICSE-C.2017.4},
}

@inproceedings{tajs,
  title = {{Type Analysis for JavaScript}},
  author = {Jensen, Simon Holm and M{\o}ller, Anders and Thiemann, Peter},
  booktitle = {Proceedings of the 16th International Symposium on Static
               Analysis (SAS)},
  year = {2009},
  doi = {10.1007/978-3-642-03237-0_17},
}

@inproceedings{jsai,
  title = {JSAI: A Static Analysis Platform for JavaScript},
  author = {Kashyap, Vineeth and Dewey, Kyle and Kuefner, Ethan A. and Wagner,
            John and Gibbons, Kevin and Sarracino, John and Wiedermann, Ben and
            Hardekopf, Ben},
  booktitle = {Proceedings of the 22nd ACM SIGSOFT International Symposium on
               Foundations of Software Engineering (FSE)},
  year = {2014},
  doi = {10.1145/2635868.2635904},
}

@inproceedings{wala,
  title = {{Dynamic Determinacy Analysis}},
  author = {Sch{\"a}fer, Max and Sridharan, Manu and Dolby, Julian and Tip, Frank},
  booktitle = {Proceedings of the 34th annual ACM SIGPLAN conference on
               Programming Language Design and Implementation (PLDI)},
  year = {2013},
  doi = {10.1145/2499370.2462168},
}

%%%%%%%%%%%%%%%%%%%%%%%%%%%%%%%%%%%%%%%%%%%%%%%%%%%%%%%%%%%%%%%%%%%%%%%%%%%%%%%%
% JavaScript Other Tools
%%%%%%%%%%%%%%%%%%%%%%%%%%%%%%%%%%%%%%%%%%%%%%%%%%%%%%%%%%%%%%%%%%%%%%%%%%%%%%%%
@inproceedings{jsexplain,
  title = {{JSExplain: A Double Debugger for JavaScript}},
  author = {Chargu\'{e}raud, Arthur and Schmitt, Alan and Wood, Thomas},
  booktitle = {Companion Proceedings of the The Web Conference (WWW)},
  year = {2018},
  doi = {10.1145/3184558.3185969},
}

@inproceedings{javert,
  title = {{JaVerT: JavaScript Verification Toolchain}},
  author = {Fragoso Santos, Jos\'{e} and Maksimovi\'{c}, Petar and
            Naud\v{z}i\={u}nienundefined, Daiva and Wood, Thomas and Gardner,
            Philippa},
  booktitle = {Proceedings of the 45th ACM SIGPLAN Symposium on Principles of
               Programming Languages},
  pages = {1--33},
  year = {2018},
  doi = {10.1145/3158138},
}

@inproceedings{javert2,
  title = {{JaVerT 2.0: Compositional Symbolic Execution for JavaScript}},
  author = {Fragoso Santos, Jos\'{e} and Maksimovi\'{c}, Petar and Sampaio,
            Gabriela and Gardner, Philippa},
  booktitle = {Proceedings of the 46th ACM SIGPLAN Symposium on Principles of
               Programming Languages},
  pages = {1--31},
  year = {2019},
  doi = {10.1145/3290379},
}

@inproceedings {ad-safety,
  title = {{ADsafety: Type-Based Verification of JavaScript Sandboxing}},
  author = {Joe Gibbs Politz and Spiridon Aristides Eliopoulos and Arjun Guha
            and Shriram Krishnamurthi},
  booktitle = {Proceedings of the 20th USENIX Security Symposium},
  year = {2011},
  url =
  {https://www.usenix.org/conference/usenix-security-11/adsafety-type-based-verification-javascript-sandboxing},
}

@inproceedings{javanni,
  title = {{Javanni: A verifier for JavaScript}},
  author = {Nordio, Martin and Calcagno, Cristiano and Furia, Carlo Alberto},
  booktitle = {Proceedings of International Conference on Fundamental Approaches
               to Software Engineering},
  pages = {231--234},
  year = {2013},
  doi = {10.1007/978-3-642-37057-1_17},
}

@inproceedings{symbolic-js,
  title = {{A Symbolic Execution Framework for JavaScript}},
  author = {Saxena, Prateek and Akhawe, Devdatta and Hanna, Steve and Mao, Feng
            and McCamant, Stephen and Song, Dawn},
  booktitle = {Proceedings of the 2010 IEEE Symposium on Security and Privacy
               (S\&P)},
  pages = {513--528},
  year = {2010},
  doi = {10.1109/SP.2010.38},
}

@inproceedings{sym-js,
  title = {{SymJS: Automatic Symbolic Testing of JavaScript Web Applications}},
  author = {Li, Guodong and Andreasen, Esben and Ghosh, Indradeep},
  booktitle = {Proceedings of the 22nd ACM SIGSOFT International Symposium on
               Foundations of Software Engineering (FSE)},
  pages = {449–459},
  year = {2014},
  doi = {10.1145/2635868.2635913},
}

@inproceedings{expo-se,
  title = {{ExpoSE: Practical Symbolic Execution of Standalone JavaScript}},
  author = {Loring, Blake and Mitchell, Duncan and Kinder, Johannes},
  booktitle = {Proceedings of the 24th ACM SIGSOFT International SPIN Symposium
               on Model Checking of Software},
  pages = {196–199},
  year = {2017},
  doi = {10.1145/3092282.3092295},
}

@inproceedings{jalangi,
  title = {Jalangi: A Tool Framework for Concolic Testing, Selective
           Record-Replay, and Dynamic Analysis of JavaScript},
  author = {Sen, Koushik and Kalasapur, Swaroop and Brutch, Tasneem and Gibbs, Simon},
  booktitle = {Proceedings of the 2013 9th Joint Meeting on Foundations of
               Software Engineering (ESEC/FSE)},
  pages = {615–618},
  year = {2013},
  doi = {10.1145/2491411.2494598},
}

@inproceedings{jalangi,
  title = {Jalangi: A Tool Framework for Concolic Testing, Selective
           Record-Replay, and Dynamic Analysis of JavaScript},
  author = {Sen, Koushik and Kalasapur, Swaroop and Brutch, Tasneem and Gibbs, Simon},
  booktitle = {Proceedings of the 2013 9th Joint Meeting on Foundations of
               Software Engineering (ESEC/FSE)},
  pages = {615–618},
  year = {2013},
  doi = {10.1145/2491411.2494598},
}

@inproceedings{type-conc-test,
  title = {{Type-Aware Concolic Testing of JavaScript Programs}},
  author = {Dhok, Monika and Ramanathan, Murali Krishna and Sinha, Nishant},
  booktitle = {Proceedings of the 38th International Conference on Software
               Engineering (ICSE)},
  pages = {168–179},
  year = {2016},
  doi = {10.1145/2884781.2884859},
}

%%%%%%%%%%%%%%%%%%%%%%%%%%%%%%%%%%%%%%%%%%%%%%%%%%%%%%%%%%%%%%%%%%%%%%%%%%%%%%%%
% Abstract Interpretation
%%%%%%%%%%%%%%%%%%%%%%%%%%%%%%%%%%%%%%%%%%%%%%%%%%%%%%%%%%%%%%%%%%%%%%%%%%%%%%%%
@inproceedings{ai1977,
  title = {{Abstract Interpretation: A Unified Lattice Model for Static
           Analysis of Programs by Construction or Approximation of
           Fixpoints}},
  author = {Cousot, Patrick and Cousot, Radhia},
  booktitle = {Proceedings of the 4th ACM SIGACT-SIGPLAN Symposium on
               Principles of Programming languages (POPL)},
  year = {1977},
  doi = {10.1145/512950.512973},
}

@article{ai1992,
  title = {{Abstract Interpretation Frameworks}},
  author = {Cousot, Patrick and Cousot, Radhia},
  journal = {Journal of Logic and Computation (JLC)},
  volume = {2},
  number = {4},
  pages = {511--547},
  year = {1992},
  doi = {10.1093/logcom/2.4.511},
}

%%%%%%%%%%%%%%%%%%%%%%%%%%%%%%%%%%%%%%%%%%%%%%%%%%%%%%%%%%%%%%%%%%%%%%%%%%%%%%%%
% Desugaring in JavaScript
%%%%%%%%%%%%%%%%%%%%%%%%%%%%%%%%%%%%%%%%%%%%%%%%%%%%%%%%%%%%%%%%%%%%%%%%%%%%%%%%
@inproceedings{lambda-js,
  title = {{The Essence of JavaScript}},
  author = {Guha, Arjun and Saftoiu, Claudiu and Krishnamurthi, Shriram},
  booktitle = {Proceedings of the 24th European Conference on Object-Oriented
               Programming (ECOOP)},
  pages = {126--150},
  year = {2010},
  organization = {Springer},
  doi = {10.1007/978-3-642-14107-2_7},
}

@inproceedings{s5,
  title = {{A Tested Semantics for Getters, Setters, and Eval in JavaScript}},
  author = {Politz, Joe Gibbs and Carroll, Matthew J. and Lerner, Benjamin S.
            and Pombrio, Justin and Krishnamurthi, Shriram},
  booktitle = {Proceedings of the 8th Symposium on Dynamic Languages (DLS)},
  pages = {1–16},
  year = {2012},
  doi = {10.1145/2384577.2384579},
}

@inproceedings{js-module,
  title = {{Formal Specification of a JavaScript Module System}},
  author = {Kang, Seonghoon and Ryu, Sukyoung},
  booktitle = {Proceedings of the ACM International Conference on Object
               Oriented Programming Systems Languages and Applications
               (OOPSLA)},
  pages = {621–638},
  year = {2012},
  doi = {10.1145/2384616.2384661},
}

@inproceedings{js-with,
  title = {{All about the with Statement in JavaScript: Removing with Statements
           in JavaScript Applications}},
  author = {Park, Changhee and Lee, Hongki and Ryu, Sukyoung},
  booktitle = {Proceedings of the 9th Symposium on Dynamic Languages (DLS)},
  pages = {73–84},
  year = {2013},
  doi = {10.1145/2508168.2508173},
}
 
%%%%%%%%%%%%%%%%%%%%%%%%%%%%%%%%%%%%%%%%%%%%%%%%%%%%%%%%%%%%%%%%%%%%%%%%%%%%%%%%
% JISET family
%%%%%%%%%%%%%%%%%%%%%%%%%%%%%%%%%%%%%%%%%%%%%%%%%%%%%%%%%%%%%%%%%%%%%%%%%%%%%%%%
@inproceedings{jiset,
  title = {{JISET: JavaScript IR-based Semantics Extraction Toolchain}},
  author = {Park, Jihyeok and Park, Jihee and An, Seungmin and Ryu, Sukyoung},
  booktitle = {Proceedings of the 35th IEEE/ACM International Conference on
               Automated Software Engineering (ASE)},
  pages = {647--658},
  year = {2020},
  organization = {IEEE},
  doi = {10.1145/3324884.3416632},
}

@inproceedings{jest,
  title = {{JEST: N+1-version Differential Testing of Both JavaScript Engines
           and Specification}},
  author = {Park, Jihyeok and An, Seungmin and Youn, Dongjun and Kim, Gyeongwon
            and Ryu, Sukyoung},
  booktitle = {Proceedings of IEEE/ACM 43rd International Conference on Software
               Engineering (ICSE)},
  pages = {13--24},
  year = {2021},
  organization = {IEEE},
  doi = {10.1109/ICSE43902.2021.00015},
}

@inproceedings{jstar,
  title = {{JSTAR: JavaScript Specification Type Analyzer using Refinement}},
  author = {Park, Jihyeok and An, Seungmin and Shin, Wonho and Sim, Yusung and
            Ryu, Sukyoung},
  booktitle = {Proceedings of the 36th IEEE/ACM International Conference on
               Automated Software Engineering (ASE)},
  year = {2021},
}
