%%%%%%%%%%%%%%%%%%%%%%%%%%%%%%%%%%%%%%%%%%%%%%%%%%%%%%%%%%%%%%%%%%%%%%%%%%%%%%%%
% ECMAScript and Test262
%%%%%%%%%%%%%%%%%%%%%%%%%%%%%%%%%%%%%%%%%%%%%%%%%%%%%%%%%%%%%%%%%%%%%%%%%%%%%%%%
@online{es5,
  title = {{ECMA-262, 5.1 edition, ECMAScript \textregistered 2011
           Language Specification}},
  year = {2011},
  url = {https://262.ecma-international.org/5.1/},
  lastaccessed = {September 1, 2022},
}

@online{es6,
  title = {{ECMA-262, 6th edition, ECMAScript \textregistered 2015
           Language Specification}},
  year = {2015},
  url = {https://262.ecma-international.org/6.0/},
  lastaccessed = {September 1, 2022},
}

@online{es13,
  title = {{ECMA-262, 13th edition, ECMAScript \textregistered 2022
           Language Specification}},
  year = {2022},
  url = {https://262.ecma-international.org/13.0/},
  lastaccessed = {September 1, 2022},
}

@online{test262,
  title = {{Test262: A conformanece test suite for the latest draft of
           ECMAScript}},
  year = {2022},
  url = {https://github.com/tc39/test262},
  lastaccessed = {September 1, 2022},
}

%%%%%%%%%%%%%%%%%%%%%%%%%%%%%%%%%%%%%%%%%%%%%%%%%%%%%%%%%%%%%%%%%%%%%%%%%%%%%%%%
% JavaScript Non-Standard Reading Materials
%%%%%%%%%%%%%%%%%%%%%%%%%%%%%%%%%%%%%%%%%%%%%%%%%%%%%%%%%%%%%%%%%%%%%%%%%%%%%%%%
@online{mdn-doc,
  title = {{MDN Web Docs: A documentation of web technologies, including CSS,
           HTML, and JavaScript maintained by Mozilla}},
  year = {2022},
  url = {https://developer.mozilla.org/},
  lastaccessed = {September 1, 2022},
}

@online{stackoverflow,
  title = {{Stack Overflow: A question and answer website for professional and
           enthusiast programmers}},
  year = {2022},
  url = {https://stackoverflow.com/},
  lastaccessed = {September 1, 2022},
}

%%%%%%%%%%%%%%%%%%%%%%%%%%%%%%%%%%%%%%%%%%%%%%%%%%%%%%%%%%%%%%%%%%%%%%%%%%%%%%%%
% JavaScript Language Design Assistants
%%%%%%%%%%%%%%%%%%%%%%%%%%%%%%%%%%%%%%%%%%%%%%%%%%%%%%%%%%%%%%%%%%%%%%%%%%%%%%%%
@online{esmeta,
  title = {{ESMeta: An ECMAScript specification metalanguage used for
           automatically generating language-based tools}},
  year = {2022},
  url = {https://github.com/engine262/engine262},
  lastaccessed = {September 1, 2022},
}

@inproceedings{jsexplain,
  title = {{JSExplain: A Double Debugger for JavaScript}},
  author = {Chargu\'{e}raud, Arthur and Schmitt, Alan and Wood, Thomas},
  booktitle = {Companion Proceedings of the The Web Conference (WWW)},
  year = {2018},
  doi = {10.1145/3184558.3185969},
}

@online{engine262,
  title = {{engine262: An Implementation of ECMAScript in JavaScript}},
  year = {2022},
  url = {https://github.com/engine262/engine262},
  lastaccessed = {September 1, 2022},
}

@online{narcissus,
  title = {{Narcissus: A JavaScript Interpreter written in pure JavaScript
           developed by Mozilla}},
  year = {2022},
  url = {https://github.com/mozilla/narcissus},
  lastaccessed = {September 1, 2022},
}

%%%%%%%%%%%%%%%%%%%%%%%%%%%%%%%%%%%%%%%%%%%%%%%%%%%%%%%%%%%%%%%%%%%%%%%%%%%%%%%%
% JavaScript Tools
%%%%%%%%%%%%%%%%%%%%%%%%%%%%%%%%%%%%%%%%%%%%%%%%%%%%%%%%%%%%%%%%%%%%%%%%%%%%%%%%
@online{v8,
  title = {{V8: A JavaScript engine developed by Google for Node.js and
           Chrome}},
  year = {2022},
  url = {https://v8.dev/},
  lastaccessed = {September 1, 2022},
}

@online{jscore,
  title = {{JavaScriptCore: A JavaScript engine developed by Apple for Safari}},
  year = {2022},
  url = {https://developer.apple.com/documentation/javascriptcore},
  lastaccessed = {September 1, 2022},
}

@online{chakra,
  title = {{ChakraCore: A JavaScript engine developed by Microsoft for Internet
           Explorer}},
  year = {2022},
  url = {https://developer.apple.com/documentation/javascriptcore},
  lastaccessed = {September 1, 2022},
}

@online{spidermonkey,
  title = {{SpiderMonkey: A JavaScript engine developed by Mozilla for
           Firefox}},
  year = {2022},
  url = {https://spidermonkey.dev/},
  lastaccessed = {September 1, 2022},
}

@online{graaljs,
  title = {{GraalJS, A high performance implementation of the JavaScript programming
           language. Built on the GraalVM by Oracle Labs}},
  year = {2022},
  url = {https://github.com/graalvm/graaljs},
  lastaccessed = {September 1, 2022},
}

@online{xs,
  title = {{The JavaScript engine at the center of the Moddable SDK}},
  year = {2022},
  url = {https://github.com/Moddable-OpenSource/moddable},
  lastaccessed = {September 1, 2022},
}

@online{nodejs,
  title = {{Node.js: A JavaScript runtime built on Chrome's V8 JavaScript engine}},
  year = {2022},
  url = {https://nodejs.org/en/},
  lastaccessed = {September 1, 2022},
}

@online{react-native,
  title = {{React Native: An open-source UI software framework for the
           developement of cross-platform applications using React}},
  year = {2022},
  url = {https://reactnative.dev/},
  lastaccessed = {September 1, 2022},
}

@online{babel,
  title = {{Babel: An open-source JavaScript compiler mainly used to convert
           ES6+ code into a backwards compatible version of JavaScript}},
  year = {2022},
  url = {https://babeljs.io/},
  lastaccessed = {September 1, 2022},
}

@online{acorn,
  title = {{A tiny, fast JavaScript parser, written completely in JavaScript}},
  year = {2022},
  url = {https://github.com/acornjs/acorn},
  lastaccessed = {September 1, 2022},
}

@online{eslint,
  title = {{Find and fix problems in your JavaScript code}},
  year = {2022},
  url = {https://eslint.org/},
  lastaccessed = {September 1, 2022},
}

@online{jshint,
  title = {{Find and fix problems in your JavaScript code}},
  year = {2022},
  url = {https://jshint.com/},
  lastaccessed = {September 1, 2022},
}

%%%%%%%%%%%%%%%%%%%%%%%%%%%%%%%%%%%%%%%%%%%%%%%%%%%%%%%%%%%%%%%%%%%%%%%%%%%%%%%%
% JavaScript Static Analyzer
%%%%%%%%%%%%%%%%%%%%%%%%%%%%%%%%%%%%%%%%%%%%%%%%%%%%%%%%%%%%%%%%%%%%%%%%%%%%%%%%
@inproceedings{safe,
  title = {{SAFE: Formal Specification and Implementation of a Scalable
           Analysis Framework for ECMAScript}},
  author = {Lee, Hongki and Won, Sooncheol and Jin, Joonho and Cho, Junhee and
            Ryu, Sukyoung},
  booktitle = {Proceedings of 19th International Workshop on Foundations of
               Object-Oriented Languages (FOOL)},
  year = {2012},
}

@inproceedings{safe2,
  title = {{Analysis of JavaScript Web Applications Using SAFE 2.0}},
  author = {Park, Jihyeok and Ryou, Yeonhee and Park, Joonyoung and Ryu,
            Sukyoung},
  booktitle = {Proceedings of the 39th IEEE/ACM International Conference on
               Software Engineering Companion (ICSE-C)},
  year = {2017},
  doi = {10.1109/ICSE-C.2017.4},
}

@inproceedings{tajs,
  title = {{Type Analysis for JavaScript}},
  author = {Jensen, Simon Holm and M{\o}ller, Anders and Thiemann, Peter},
  booktitle = {Proceedings of the 16th International Symposium on Static
               Analysis (SAS)},
  year = {2009},
  doi = {10.1007/978-3-642-03237-0_17},
}

@inproceedings{jsai,
  title = {JSAI: A Static Analysis Platform for JavaScript},
  author = {Kashyap, Vineeth and Dewey, Kyle and Kuefner, Ethan A. and Wagner,
            John and Gibbons, Kevin and Sarracino, John and Wiedermann, Ben and
            Hardekopf, Ben},
  booktitle = {Proceedings of the 22nd ACM SIGSOFT International Symposium on
               Foundations of Software Engineering (FSE)},
  year = {2014},
  doi = {10.1145/2635868.2635904},
}

@inproceedings{wala,
  title = {{Dynamic Determinacy Analysis}},
  author = {Sch{\"a}fer, Max and Sridharan, Manu and Dolby, Julian and Tip, Frank},
  booktitle = {Proceedings of the 34th annual ACM SIGPLAN conference on
               Programming Language Design and Implementation (PLDI)},
  year = {2013},
  doi = {10.1145/2499370.2462168},
}

%%%%%%%%%%%%%%%%%%%%%%%%%%%%%%%%%%%%%%%%%%%%%%%%%%%%%%%%%%%%%%%%%%%%%%%%%%%%%%%%
% JavaScript Other Tools
%%%%%%%%%%%%%%%%%%%%%%%%%%%%%%%%%%%%%%%%%%%%%%%%%%%%%%%%%%%%%%%%%%%%%%%%%%%%%%%%
@inproceedings{javert,
  title = {{JaVerT: JavaScript Verification Toolchain}},
  author = {Fragoso Santos, Jos\'{e} and Maksimovi\'{c}, Petar and
            Naud\v{z}i\={u}nienundefined, Daiva and Wood, Thomas and Gardner,
            Philippa},
  booktitle = {Proceedings of the 45th ACM SIGPLAN Symposium on Principles of
               Programming Languages (POPL)},
  pages = {1--33},
  year = {2018},
  doi = {10.1145/3158138},
}

@inproceedings{javert2,
  title = {{JaVerT 2.0: Compositional Symbolic Execution for JavaScript}},
  author = {Fragoso Santos, Jos\'{e} and Maksimovi\'{c}, Petar and Sampaio,
            Gabriela and Gardner, Philippa},
  booktitle = {Proceedings of the 46th ACM SIGPLAN Symposium on Principles of
               Programming Languages (POPL)},
  pages = {1--31},
  year = {2019},
  doi = {10.1145/3290379},
}

@inproceedings {ad-safety,
  title = {{ADsafety: Type-Based Verification of JavaScript Sandboxing}},
  author = {Joe Gibbs Politz and Spiridon Aristides Eliopoulos and Arjun Guha
            and Shriram Krishnamurthi},
  booktitle = {Proceedings of the 20th USENIX Security Symposium},
  year = {2011},
  url =
  {https://www.usenix.org/conference/usenix-security-11/adsafety-type-based-verification-javascript-sandboxing},
}

@inproceedings{javanni,
  title = {{Javanni: A verifier for JavaScript}},
  author = {Nordio, Martin and Calcagno, Cristiano and Furia, Carlo Alberto},
  booktitle = {Proceedings of International Conference on Fundamental Approaches
               to Software Engineering (FASE)},
  pages = {231--234},
  year = {2013},
  doi = {10.1007/978-3-642-37057-1_17},
}

@inproceedings{symbolic-js,
  title = {{A Symbolic Execution Framework for JavaScript}},
  author = {Saxena, Prateek and Akhawe, Devdatta and Hanna, Steve and Mao, Feng
            and McCamant, Stephen and Song, Dawn},
  booktitle = {Proceedings of the 2010 IEEE Symposium on Security and Privacy
               (S\&P)},
  pages = {513--528},
  year = {2010},
  doi = {10.1109/SP.2010.38},
}

@inproceedings{sym-js,
  title = {{SymJS: Automatic Symbolic Testing of JavaScript Web Applications}},
  author = {Li, Guodong and Andreasen, Esben and Ghosh, Indradeep},
  booktitle = {Proceedings of the 22nd ACM SIGSOFT International Symposium on
               Foundations of Software Engineering (FSE)},
  pages = {449–459},
  year = {2014},
  doi = {10.1145/2635868.2635913},
}

@inproceedings{expo-se,
  title = {{ExpoSE: Practical Symbolic Execution of Standalone JavaScript}},
  author = {Loring, Blake and Mitchell, Duncan and Kinder, Johannes},
  booktitle = {Proceedings of the 24th ACM SIGSOFT International SPIN Symposium
               on Model Checking of Software},
  pages = {196–199},
  year = {2017},
  doi = {10.1145/3092282.3092295},
}

@inproceedings{jalangi,
  title = {Jalangi: A Tool Framework for Concolic Testing, Selective
           Record-Replay, and Dynamic Analysis of JavaScript},
  author = {Sen, Koushik and Kalasapur, Swaroop and Brutch, Tasneem and Gibbs, Simon},
  booktitle = {Proceedings of the 2013 9th Joint Meeting on Foundations of
               Software Engineering (ESEC/FSE)},
  pages = {615–618},
  year = {2013},
  doi = {10.1145/2491411.2494598},
}

@inproceedings{jalangi,
  title = {Jalangi: A Tool Framework for Concolic Testing, Selective
           Record-Replay, and Dynamic Analysis of JavaScript},
  author = {Sen, Koushik and Kalasapur, Swaroop and Brutch, Tasneem and Gibbs, Simon},
  booktitle = {Proceedings of the 2013 9th Joint Meeting on Foundations of
               Software Engineering (ESEC/FSE)},
  pages = {615–618},
  year = {2013},
  doi = {10.1145/2491411.2494598},
}

@inproceedings{type-conc-test,
  title = {{Type-Aware Concolic Testing of JavaScript Programs}},
  author = {Dhok, Monika and Ramanathan, Murali Krishna and Sinha, Nishant},
  booktitle = {Proceedings of the 38th International Conference on Software
               Engineering (ICSE)},
  pages = {168–179},
  year = {2016},
  doi = {10.1145/2884781.2884859},
}

%%%%%%%%%%%%%%%%%%%%%%%%%%%%%%%%%%%%%%%%%%%%%%%%%%%%%%%%%%%%%%%%%%%%%%%%%%%%%%%%
% Language Design Assistant (LDA)
%%%%%%%%%%%%%%%%%%%%%%%%%%%%%%%%%%%%%%%%%%%%%%%%%%%%%%%%%%%%%%%%%%%%%%%%%%%%%%%%
@article{lda,
  title = {{Semantics of Programming Languages: A Tool-Oriented Approach}},
  author = {Heering, Jan and Klint, Paul},
  journal = {ACM Sigplan Notices},
  volume = {35},
  number = {3},
  pages = {39--48},
  year = {2000},
  publisher = {ACM New York, NY, USA},
  doi = {10.1145/351159.351173},
}

@inproceedings{lisa,
  title = {{LISA: An Interactive Environment for Programming Language
           Development}},
  author = {Mernik, Marjan and Lenic, Mitja and Avdicausevic, Enis and Zumer,
            Viljem},
  booktitle = {Proceedings of the 11th International Conference on Compiler
               Construction (CC)},
  pages = {1--4},
  year = {2002},
}

@article{ipld,
  title = {Incremental Programming Language Development},
  author = {Mernik, Marjan and {\v{Z}}umer, Viljem},
  journal = {Computer Languages, Systems \& Structures},
  volume = {31},
  number = {1},
  pages = {1--16},
  year = {2005},
  publisher = {Elsevier},
  doi = {10.1016/j.cl.2004.02.001},
}

@article{asf-sdf,
  title = {{The Asf+Sdf Meta-Environment: A Component-Based Language Development
           Environment}},
  journal = {Electronic Notes in Theoretical Computer Science},
  volume = {44},
  number = {2},
  pages = {3-8},
  year = {2001},
  note = {LDTA'01, First Workshop on Language Descriptions, Tools and
          Applications (a Satellite Event of ETAPS 2001)},
  issn = {1571-0661},
  doi = {10.1016/S1571-0661(04)80917-4},
  author = {M.G.J. {van den Brand} and A. {van Deursen} and J. Heering and H.A.
            {de Jong} and M. {de Jonge} and T. Kuipers and P. Klint and L.
            Moonen and P.A. Olivier and J. Scheerder and J.J. Vinju and E.
            Visser and J. Visser},
}

@article{meta-env,
  title = {{A Meta-Environment for Generating Programming Environments}},
  author = {Klint, P.},
  year = {1993},
  issue_date = {April 1993},
  publisher = {Association for Computing Machinery},
  address = {New York, NY, USA},
  volume = {2},
  number = {2},
  issn = {1049-331X},
  doi = {10.1145/151257.151260},
  journal = {ACM Transactions on Software Engineering Methodology},
  month = apr,
  pages = {176--201},
  numpages = {26},
}

@inproceedings{faustine,
  title = {{Faustine: a vector faust interpreter test bed for multimedia signal
           processing}},
  author = {Barkati, Karim and Wang, Haisheng and Jouvelot, Pierre},
  booktitle = {Proceedings of the International Symposium on Functional and
               Logic Programming (FLOPS)},
  pages = {69--85},
  year = {2014},
  organization = {Springer},
  doi = {10.1007/978-3-319-07151-0_5},
}

%%%%%%%%%%%%%%%%%%%%%%%%%%%%%%%%%%%%%%%%%%%%%%%%%%%%%%%%%%%%%%%%%%%%%%%%%%%%%%%%
% Domain Specific Language (DSL)
%%%%%%%%%%%%%%%%%%%%%%%%%%%%%%%%%%%%%%%%%%%%%%%%%%%%%%%%%%%%%%%%%%%%%%%%%%%%%%%%
@article{dsl-survey,
  title = {{Domain-Specific Languages: An Annotated Bibliography}},
  author = {van Deursen, Arie and Klint, Paul and Visser, Joost},
  year = {2000},
  issue_date = {June 2000},
  publisher = {Association for Computing Machinery},
  address = {New York, NY, USA},
  volume = {35},
  number = {6},
  issn = {0362-1340},
  doi = {10.1145/352029.352035},
  journal = {SIGPLAN Notice},
  month = jun,
  pages = {26--36},
  numpages = {11},
}

@article{dsl-survey2,
  title = {{When and How to Develop Domain-Specific Languages}},
  author = {Mernik, Marjan and Heering, Jan and Sloane, Anthony M.},
  year = {2005},
  issue_date = {December 2005},
  publisher = {Association for Computing Machinery},
  address = {New York, NY, USA},
  volume = {37},
  number = {4},
  issn = {0360-0300},
  doi = {10.1145/1118890.1118892},
  journal = {ACM Computing Survey},
  month = dec,
  pages = {316–344},
  numpages = {29},
}

%%%%%%%%%%%%%%%%%%%%%%%%%%%%%%%%%%%%%%%%%%%%%%%%%%%%%%%%%%%%%%%%%%%%%%%%%%%%%%%%
% Live Programming (LP)
%%%%%%%%%%%%%%%%%%%%%%%%%%%%%%%%%%%%%%%%%%%%%%%%%%%%%%%%%%%%%%%%%%%%%%%%%%%%%%%%
@inproceedings{omnicode,
  title = {{Omnicode: A Novice-Oriented Live Programming Environment with
           Always-On Run-Time Value Visualizations}},
  author = {Kang, Hyeonsu and Guo, Philip J.},
  booktitle = {Proceedings of the 30th Annual ACM Symposium on User Interface
               Software and Technology (UIST)},
  pages = {737--745},
  year = {2017},
  doi = {10.1145/3126594.3126632},
}

@inproceedings{situ-vis,
  title = {{Augmenting Code with In Situ Visualizations to Aid Program
           Understanding}},
  author = {Hoffswell, Jane and Satyanarayan, Arvind and Heer, Jeffrey},
  booktitle = {Proceedings of the 2018 CHI Conference on Human Factors in
               Computing Systems},
  pages = {1--12},
  year = {2018},
  doi = {10.1145/3173574.3174106},
}

@inproceedings{proj-box,
  title = {{Projection Boxes: On-the-Fly Reconfigurable Visualization for Live
           Programming}},
  author = {Lerner, Sorin},
  booktitle = {Proceedings of the 2020 CHI Conference on Human Factors in
               Computing Systems},
  pages = {1--7},
  year = {2020},
  doi = {10.1145/3313831.3376494},
}
 
%%%%%%%%%%%%%%%%%%%%%%%%%%%%%%%%%%%%%%%%%%%%%%%%%%%%%%%%%%%%%%%%%%%%%%%%%%%%%%%%
% JISET family
%%%%%%%%%%%%%%%%%%%%%%%%%%%%%%%%%%%%%%%%%%%%%%%%%%%%%%%%%%%%%%%%%%%%%%%%%%%%%%%%
@inproceedings{jiset,
  title = {{JISET: JavaScript IR-based Semantics Extraction Toolchain}},
  author = {Park, Jihyeok and Park, Jihee and An, Seungmin and Ryu, Sukyoung},
  booktitle = {Proceedings of the 35th IEEE/ACM International Conference on
               Automated Software Engineering (ASE)},
  pages = {647--658},
  year = {2020},
  organization = {IEEE},
  doi = {10.1145/3324884.3416632},
}

@inproceedings{jest,
  title = {{JEST: N+1-version Differential Testing of Both JavaScript Engines
           and Specification}},
  author = {Park, Jihyeok and An, Seungmin and Youn, Dongjun and Kim, Gyeongwon
            and Ryu, Sukyoung},
  booktitle = {Proceedings of IEEE/ACM 43rd International Conference on Software
               Engineering (ICSE)},
  pages = {13--24},
  year = {2021},
  organization = {IEEE},
  doi = {10.1109/ICSE43902.2021.00015},
}

@inproceedings{jstar,
  title = {{JSTAR: JavaScript Specification Type Analyzer using Refinement}},
  author = {Park, Jihyeok and An, Seungmin and Shin, Wonho and Sim, Yusung and
            Ryu, Sukyoung},
  booktitle = {Proceedings of the 36th IEEE/ACM International Conference on
               Automated Software Engineering (ASE)},
  year = {2021},
}

%%%%%%%%%%%%%%%%%%%%%%%%%%%%%%%%%%%%%%%%%%%%%%%%%%%%%%%%%%%%%%%%%%%%%%%%%%%%%%%%
% Parital Evaluation
%%%%%%%%%%%%%%%%%%%%%%%%%%%%%%%%%%%%%%%%%%%%%%%%%%%%%%%%%%%%%%%%%%%%%%%%%%%%%%%%
@book{peval,
  title = {{Partial Evaluation and Automatic Program Generation}},
  author = {Jones, Neil D and Gomard, Carsten K and Sestoft, Peter},
  year = {1993},
  publisher = {Peter Sestoft},
  isbn = {978-0-13-020249-9},
}

@article{peval-survey,
  title = {An Introduction to Partial Evaluation},
  author = {Jones, Neil D.},
  year = {1996},
  issue_date = {Sept. 1996},
  publisher = {Association for Computing Machinery},
  address = {New York, NY, USA},
  volume = {28},
  number = {3},
  issn = {0360-0300},
  doi = {10.1145/243439.243447},
  journal = {ACM Computing Survey},
  month = sep,
  pages = {480–503},
  numpages = {24},
}

@inproceedings{trans-ai,
  title = {Systematic Design of Program Transformation Frameworks by Abstract
           Interpretation},
  author = {Cousot, Patrick and Cousot, Radhia},
  booktitle = {Proceedings of the 29th ACM SIGPLAN-SIGACT Symposium on
               Principles of Programming Languages (POPL)},
  year = {2002},
  pages = {178–190},
  doi = {10.1145/503272.503290},
}

%%%%%%%%%%%%%%%%%%%%%%%%%%%%%%%%%%%%%%%%%%%%%%%%%%%%%%%%%%%%%%%%%%%%%%%%%%%%%%%%
% Parital Evaluation
%%%%%%%%%%%%%%%%%%%%%%%%%%%%%%%%%%%%%%%%%%%%%%%%%%%%%%%%%%%%%%%%%%%%%%%%%%%%%%%%
@article{delta-debugging,
  title = {{Simplifying and Isolating Failure-Inducing Input}},
  author = {Zeller, A. and Hildebrandt, R.},
  journal = {IEEE Transactions on Software Engineering},
  year = {2002},
  volume = {28},
  number = {2},
  pages = {183-200},
  doi = {10.1109/32.988498}
}

%%%%%%%%%%%%%%%%%%%%%%%%%%%%%%%%%%%%%%%%%%%%%%%%%%%%%%%%%%%%%%%%%%%%%%%%%%%%%%%%
% Abstract Interpretation
%%%%%%%%%%%%%%%%%%%%%%%%%%%%%%%%%%%%%%%%%%%%%%%%%%%%%%%%%%%%%%%%%%%%%%%%%%%%%%%%
@inproceedings{ai1977,
  title = {{Abstract Interpretation: A Unified Lattice Model for Static
           Analysis of Programs by Construction or Approximation of
           Fixpoints}},
  author = {Cousot, Patrick and Cousot, Radhia},
  booktitle = {Proceedings of the 4th ACM SIGACT-SIGPLAN Symposium on
               Principles of Programming languages (POPL)},
  year = {1977},
  doi = {10.1145/512950.512973},
}

@article{ai1992,
  title = {{Abstract Interpretation Frameworks}},
  author = {Cousot, Patrick and Cousot, Radhia},
  journal = {Journal of Logic and Computation (JLC)},
  volume = {2},
  number = {4},
  pages = {511--547},
  year = {1992},
  doi = {10.1093/logcom/2.4.511},
}

%%%%%%%%%%%%%%%%%%%%%%%%%%%%%%%%%%%%%%%%%%%%%%%%%%%%%%%%%%%%%%%%%%%%%%%%%%%%%%%%
% Implicit Behaviors in JavaScript
%%%%%%%%%%%%%%%%%%%%%%%%%%%%%%%%%%%%%%%%%%%%%%%%%%%%%%%%%%%%%%%%%%%%%%%%%%%%%%%%
@inproceedings{implicit-conversion-js,
  title = {{The Good, the Bad, and the Ugly: An Empirical Study of Implicit Type
           Conversions in JavaScript}},
  author = {Michael Pradel and Koushik Sen},
  booktitle = {Proceedings of 29th European Conference on Object-Oriented
               Programming (ECOOP)},
  year = {2015},
  doi = {10.4230/LIPIcs.ECOOP.2015.519},
}

%%%%%%%%%%%%%%%%%%%%%%%%%%%%%%%%%%%%%%%%%%%%%%%%%%%%%%%%%%%%%%%%%%%%%%%%%%%%%%%%
% technical reports
%%%%%%%%%%%%%%%%%%%%%%%%%%%%%%%%%%%%%%%%%%%%%%%%%%%%%%%%%%%%%%%%%%%%%%%%%%%%%%%%
@techreport{report,
  title = {{Reachability Analysis for $\ires$ with Syntactic Views}},
  author = {Anonymous Authors},
  year = {2021},
  url = {TODO}
}
% author = {Park, Jihyeok, Park, Jihee,  and Ryu, Sukyoung},
