@article{ref1,
  author  = {T. W. Chaundy and P. R. Barrett and C. Batey},
  title   = {The Printing of Mathematics},
  journal = {Oxford University Press},
  year    = {1954}
}

@book{ref2,
  author    = {F. Mittelbach and M. Goossens},
  title     = {The \LaTeX Companion},
  edition   = {2nd},
  publisher = {Addison-Wesley},
  year      = {2004}
}

@misc{ref3,
  author       = {IEEE Author Center},
  title        = {IEEE Math Typesetting Guide for LaTeX Users},
  howpublished = {\url{http://journals.ieeeauthorcenter.ieee.org/}}
}
