%%%%%%%%%%%%%%%%%%%%%%%%%%%%%%%%%%%%%%%%%%%%%%%%%%%%%%%%%%%%%%%%%%%%%%%%%%%%%%%%
% ECMAScript and Test262
%%%%%%%%%%%%%%%%%%%%%%%%%%%%%%%%%%%%%%%%%%%%%%%%%%%%%%%%%%%%%%%%%%%%%%%%%%%%%%%%
@online{es5,
  title = {{ECMA-262, 5.1 edition, ECMAScript \textregistered 2011
           Language Specification}},
  author = {{ECMA International}},
  year = {2011},
  url = {https://262.ecma-international.org/5.1/},
}


@online{es6,
  title = {{ECMA-262, 6th edition, ECMAScript \textregistered 2015
           Language Specification}},
  author = {{ECMA International}},
  year = {2015},
  url = {https://262.ecma-international.org/6.0/},
}

@online{es13,
  title = {{ECMA-262, 13th edition, ECMAScript \textregistered 2022
           Language Specification}},
  author = {{ECMA International}},
  year = {2022},
  url = {https://262.ecma-international.org/13.0/},
}

@online{jsdp,
  title = {{ECMA-262, 13th edition, ECMAScript \textregistered 2022
           Language Specification: 13.15.5 Destructuring Assignment}},
  author = {{ECMA International}},
  year = {2022},
  url = {https://262.ecma-international.org/13.0/\#sec-destructuring-assignment},
}

@online{test262,
  title = {{Test262: A conformanece test suite for the latest draft of
           ECMAScript}},
  author = {{ECMA International}},
  year = {2022},
  url = {https://github.com/tc39/test262},
}

%%%%%%%%%%%%%%%%%%%%%%%%%%%%%%%%%%%%%%%%%%%%%%%%%%%%%%%%%%%%%%%%%%%%%%%%%%%%%%%%
% JavaScript Non-Standard Reading Materials
%%%%%%%%%%%%%%%%%%%%%%%%%%%%%%%%%%%%%%%%%%%%%%%%%%%%%%%%%%%%%%%%%%%%%%%%%%%%%%%%
@online{mdn-doc,
  title = {{MDN Web Docs: A documentation of web technologies, including CSS,
           HTML, and JavaScript maintained by Mozilla}},
  year = {2022},
  url = {https://developer.mozilla.org/},
}

@online{stackoverflow,
  title = {{Stack Overflow: A question and answer website for professional and
           enthusiast programmers}},
  year = {2022},
  url = {https://stackoverflow.com/},
}

%%%%%%%%%%%%%%%%%%%%%%%%%%%%%%%%%%%%%%%%%%%%%%%%%%%%%%%%%%%%%%%%%%%%%%%%%%%%%%%%
% JavaScript Language Design Assistants
%%%%%%%%%%%%%%%%%%%%%%%%%%%%%%%%%%%%%%%%%%%%%%%%%%%%%%%%%%%%%%%%%%%%%%%%%%%%%%%%
@online{esmeta,
  title = {{ESMeta: An ECMAScript specification metalanguage used for
           automatically generating language-based tools}},
  year = {2022},
  url = {https://github.com/es-meta/esmeta},
}

@inproceedings{jsexplain,
  title = {{JSExplain: A Double Debugger for JavaScript}},
  author = {Chargu\'{e}raud, Arthur and Schmitt, Alan and Wood, Thomas},
  booktitle = {Companion Proceedings of the The Web Conference (WWW)},
  year = {2018},
  doi = {10.1145/3184558.3185969},
}

@online{engine262,
  title = {{engine262: An Implementation of ECMAScript in JavaScript}},
  year = {2022},
  url = {https://github.com/engine262/engine262},
}

@online{narcissus,
  title = {{Narcissus: A JavaScript Interpreter written in pure JavaScript
           developed by Mozilla}},
  year = {2022},
  url = {https://github.com/mozilla/narcissus},
}

%%%%%%%%%%%%%%%%%%%%%%%%%%%%%%%%%%%%%%%%%%%%%%%%%%%%%%%%%%%%%%%%%%%%%%%%%%%%%%%%
% JavaScript Tools
%%%%%%%%%%%%%%%%%%%%%%%%%%%%%%%%%%%%%%%%%%%%%%%%%%%%%%%%%%%%%%%%%%%%%%%%%%%%%%%%
@online{v8,
  title = {{V8: A JavaScript engine developed by Google for Node.js and
           Chrome}},
  year = {2022},
  url = {https://v8.dev/},
}

@online{jscore,
  title = {{JavaScriptCore: A JavaScript engine developed by Apple for Safari}},
  year = {2022},
  url = {https://developer.apple.com/documentation/javascriptcore},
}

@online{chakra,
  title = {{ChakraCore: A JavaScript engine developed by Microsoft for Internet
           Explorer}},
  year = {2022},
  url = {https://developer.apple.com/documentation/javascriptcore},
}

@online{spidermonkey,
  title = {{SpiderMonkey: A JavaScript engine developed by Mozilla for
           Firefox}},
  year = {2022},
  url = {https://spidermonkey.dev/},
}

@online{graaljs,
  title = {{GraalJS, An implementation of the JavaScript built on the GraalVM by
           Oracle Labs}},
  year = {2022},
  url = {https://github.com/graalvm/graaljs},
}

@online{xs,
  title = {{The JavaScript engine at the center of the Moddable SDK}},
  year = {2022},
  url = {https://github.com/Moddable-OpenSource/moddable},
}

@online{nodejs,
  title = {{Node.js: A JavaScript runtime built on Chrome's V8 JavaScript
           engine}},
  year = {2022},
  url = {https://nodejs.org/en/},
}

@online{acrobat-sdk,
  title = {{The Acrobat SDK that provides JavaScript APIs}},
  year = {2022},
  url = {https://opensource.adobe.com/dc-acrobat-sdk-docs/acrobatsdk/},
}

@online{electron,
  title = {{Electron: An open-source framework when building cross-platform
           desktop apps with JavaScript, HTML, and CSS}},
  year = {2022},
  url = {https://www.electronjs.org/},
}

@online{react-native,
  title = {{React Native: An open-source UI software framework for the
           developement of cross-platform applications using React}},
  year = {2022},
  url = {https://reactnative.dev/},
}

@online{babel,
  title = {{Babel: An open-source JavaScript compiler mainly used to convert
           ES6+ code into a backwards compatible version of JavaScript}},
  year = {2022},
  url = {https://babeljs.io/},
}

@online{swc,
  title = {{SWC: an extensible Rust-based platform for the next generation of
           fast developer tools.}},
  year = {2022},
  url = {https://swc.rs/},
}

@online{terser,
  title = {{JavaScript mangler and compressor toolkit for ES6+}},
  year = {2022},
  url = {https://terser.org/},
}

@online{js-obf,
  title = {{A free and efficient obfuscator for JavaScript}},
  year = {2022},
  url = {https://obfuscator.io/},
}

@online{acorn,
  title = {{A tiny, fast JavaScript parser, written completely in JavaScript}},
  year = {2022},
  url = {https://github.com/acornjs/acorn},
}

@online{eslint,
  title = {{Find and fix problems in your JavaScript code}},
  year = {2022},
  url = {https://eslint.org/},
}

@online{jshint,
  title = {{Find and fix problems in your JavaScript code}},
  year = {2022},
  url = {https://jshint.com/},
}

%%%%%%%%%%%%%%%%%%%%%%%%%%%%%%%%%%%%%%%%%%%%%%%%%%%%%%%%%%%%%%%%%%%%%%%%%%%%%%%%
% JavaScript Static Analyzer
%%%%%%%%%%%%%%%%%%%%%%%%%%%%%%%%%%%%%%%%%%%%%%%%%%%%%%%%%%%%%%%%%%%%%%%%%%%%%%%%
@inproceedings{safe,
  title = {{SAFE: Formal Specification and Implementation of a Scalable
           Analysis Framework for ECMAScript}},
  author = {Lee, Hongki and Won, Sooncheol and Jin, Joonho and Cho, Junhee and
            Ryu, Sukyoung},
  booktitle = {Proceedings of 19th International Workshop on Foundations of
               Object-Oriented Languages (FOOL)},
  year = {2012},
}

@inproceedings{safe2,
  title = {{Analysis of JavaScript Web Applications Using SAFE 2.0}},
  author = {Park, Jihyeok and Ryou, Yeonhee and Park, Joonyoung and Ryu,
            Sukyoung},
  booktitle = {Proceedings of the 39th IEEE/ACM International Conference on
               Software Engineering Companion (ICSE-C)},
  year = {2017},
  doi = {10.1109/ICSE-C.2017.4},
}

@inproceedings{tajs,
  title = {{Type Analysis for JavaScript}},
  author = {Jensen, Simon Holm and M{\o}ller, Anders and Thiemann, Peter},
  booktitle = {Proceedings of the 16th International Symposium on Static
               Analysis (SAS)},
  year = {2009},
  doi = {10.1007/978-3-642-03237-0_17},
}

@inproceedings{jsai,
  title = {{JSAI: A Static Analysis Platform for JavaScript}},
  author = {Kashyap, Vineeth and Dewey, Kyle and Kuefner, Ethan A. and Wagner,
            John and Gibbons, Kevin and Sarracino, John and Wiedermann, Ben and
            Hardekopf, Ben},
  booktitle = {Proceedings of the 22nd ACM SIGSOFT International Symposium on
               Foundations of Software Engineering (FSE)},
  year = {2014},
  doi = {10.1145/2635868.2635904},
}

@inproceedings{wala,
  title = {{Dynamic Determinacy Analysis}},
  author = {Sch{\"a}fer, Max and Sridharan, Manu and Dolby, Julian and Tip,
            Frank},
  booktitle = {Proceedings of the 34th annual ACM SIGPLAN conference on
               Programming Language Design and Implementation (PLDI)},
  year = {2013},
  doi = {10.1145/2499370.2462168},
}

%%%%%%%%%%%%%%%%%%%%%%%%%%%%%%%%%%%%%%%%%%%%%%%%%%%%%%%%%%%%%%%%%%%%%%%%%%%%%%%%
% JavaScript Other Tools
%%%%%%%%%%%%%%%%%%%%%%%%%%%%%%%%%%%%%%%%%%%%%%%%%%%%%%%%%%%%%%%%%%%%%%%%%%%%%%%%
@inproceedings{javert,
  title = {{JaVerT: JavaScript Verification Toolchain}},
  author = {Fragoso Santos, Jos\'{e} and Maksimovi\'{c}, Petar and
            Naud\v{z}i\={u}nienundefined, Daiva and Wood, Thomas and Gardner,
            Philippa},
  booktitle = {Proceedings of the 45th ACM SIGPLAN Symposium on Principles of
               Programming Languages (POPL)},
  pages = {1--33},
  year = {2018},
  doi = {10.1145/3158138},
}

@inproceedings{javert2,
  title = {{JaVerT 2.0: Compositional Symbolic Execution for JavaScript}},
  author = {Fragoso Santos, Jos\'{e} and Maksimovi\'{c}, Petar and Sampaio,
            Gabriela and Gardner, Philippa},
  booktitle = {Proceedings of the 46th ACM SIGPLAN Symposium on Principles of
               Programming Languages (POPL)},
  pages = {1--31},
  year = {2019},
  doi = {10.1145/3290379},
}

@inproceedings{lambdajs,
  title = {{The Essence of Javascript}},
  author = {Guha, Arjun and Saftoiu, Claudiu and Krishnamurthi, Shriram},
  booktitle = {Proceedings of the 24th European Conference on Object-oriented
               Programming (ECOOP)},
  year = {2010},
  url = {https://dl.acm.org/doi/10.5555/1883978.1883988},
}

@inproceedings{kjs,
  title = {{KJS: A Complete Formal Semantics of JavaScript}},
  author = {Park, Daejun and Stef\u{a}nescu, Andrei and Ro\c{s}u, Grigore},
  booktitle = {Proceedings of the 36th ACM SIGPLAN Conference on Programming
               Language Design and Implementation (PLDI)},
  year = {2015},
  url = {https://dl.acm.org/doi/10.1145/2737924.2737991},
}

@inproceedings{ocaml-light-spec,
  title = {A Sound Semantics for OCaml Light},
  author = {Owens, Scott},
  booktitle = {European Symposium on Programming (ESOP)},
  year = {2008},
  url = {https://dl.acm.org/doi/10.1007/978-3-540-78739-6_1}
}

@article{c-light-spec,
  title = {{Mechanized Semantics for the Clight Subset of the C language}},
  author = {Blazy, Sandrine and Leroy, Xavier},
  journal = {Journal of Automated Reasoning},
  volume = {43},
  number = {3},
  pages = {263--288},
  year = {2009},
  publisher = {Springer},
  doi = {10.1007/s10817-009-9148-3}
}

@inproceedings{cpp-spec,
  title = {{A Mechanized Semantics for C++ Object Construction and Destruction,
           with Applications to Resource Management}},
  author = {Ramananandro, Tahina and Dos Reis, Gabriel and Leroy, Xavier},
  booktitle = {Proceedings of the 39th Annual ACM SIGPLAN-SIGACT Symposium on
               Principles of Programming Languages (POPL)},
  year = {2012},
  doi = {10.1145/2103656.2103718},
}

@inproceedings{k-java,
  title = {{K-Java: A Complete Semantics of Java}},
  author = {Bogdanas, Denis and Ro\c{s}u, Grigore},
  booktitle = {Proceedings of the 42nd Annual ACM SIGPLAN-SIGACT Symposium on
               Principles of Programming Languages (POPL)},
  year = {2015},
  doi = {10.1145/2676726.2676982},
}

@inproceedings{posix-shell-spec,
  title = {{Executable Formal Semantics for the POSIX Shell}},
  author = {Greenberg, Michael and Blatt, Austin J.},
  booktitle = {Proceedings of the 46th Annual ACM SIGPLAN-SIGACT Symposium on
               Principles of Programming Languages (POPL)},
  year = {2019},
  doi = {10.1145/3371111},
}

@inproceedings{skel-js,
  title = {{A Faithful Description of ECMAScript Algorithms}},
  author = {Khayam, Adam and Noizet, Louis and Schmitt, Alan},
  booktitle = {Proceedings of the 24th International Symposium on Principles and
               Practice of Declarative Programming (PPDP)},
  year = {2022},
  doi = {10.1145/3551357.3551381},
}

@article{ott,
  title = {{Ott: Effective Tool Support for the Working Semanticist}},
  author = {Sewell, Peter and Nardelli, Francesco Zappa and Owens, Scott and
          Peskine, Gilles and Ridge, Thomas and Sarkar, Susmit and others},
  journal = {Journal of functional programming},
  volume = {20},
  number = {1},
  pages = {71--122},
  year = {2010},
  publisher = {Cambridge University Press},
  doi = {10.1017/S0956796809990293}
}

@article{iris,
  title = {Iris from the ground up: A modular foundation for higher-order
         concurrent separation logic},
  author = {Jung, Ralf and Krebbers, Robbert and Jourdan, Jacques-Henri and
            Bizjak, Ale{\v{s}} and Birkedal, Lars and Dreyer, Derek},
  journal = {Journal of Functional Programming},
  volume = {28},
  year = {2018},
  publisher = {Cambridge University Press},
  doi = {10.1017/S0956796818000151}
}

@article{kframework,
  title = {An Overview of the K Semantic Framework},
  author = {Roșu, Grigore and Șerb{\u{a}}nut{\u{a}}, Traian Florin},
  journal = {The Journal of Logic and Algebraic Programming},
  volume = {79},
  number = {6},
  pages = {397--434},
  year = {2010},
  publisher = {Elsevier},
  doi = {10.1016/j.jlap.2010.03.012}
}

@inproceedings{skel,
  title = {{Skeletal Semantics and Their Interpretations}},
  author = {Bodin, Martin and Gardner, Philippa and Jensen, Thomas and Schmitt,
            Alan},
  year = {2019},
  booktitle = {Proceedings of the 45th ACM SIGPLAN-SIGACT Symposium on
               Principles of Programming Languages (POPL)},
  doi = {10.1145/3290357},
}

@inproceedings{jscert,
  title = {{A Trusted Mechanised JavaScript Specification}},
  author = {Bodin, Martin and Chargueraud, Arthur and Filaretti, Daniele and
            Gardner, Philippa and Maffeis, Sergio and Naudziuniene, Daiva and
            Schmitt, Alan and Smith, Gareth},
  booktitle = {Proceedings of the 41st ACM SIGPLAN-SIGACT Symposium on
               Principles of Programming Languages (POPL)},
  year = {2014},
  doi = {10.1145/2535838.2535876},
}


@inproceedings {ad-safety,
  title = {{ADsafety: Type-Based Verification of JavaScript Sandboxing}},
  author = {Joe Gibbs Politz and Spiridon Aristides Eliopoulos and Arjun Guha
            and Shriram Krishnamurthi},
  booktitle = {Proceedings of the 20th USENIX Security Symposium},
  year = {2011},
}

@inproceedings{javanni,
  title = {{Javanni: A verifier for JavaScript}},
  author = {Nordio, Martin and Calcagno, Cristiano and Furia, Carlo Alberto},
  booktitle = {Proceedings of International Conference on Fundamental Approaches
               to Software Engineering (FASE)},
  pages = {231--234},
  year = {2013},
  doi = {10.1007/978-3-642-37057-1_17},
}

@inproceedings{symbolic-js,
  title = {{A Symbolic Execution Framework for JavaScript}},
  author = {Saxena, Prateek and Akhawe, Devdatta and Hanna, Steve and Mao, Feng
            and McCamant, Stephen and Song, Dawn},
  booktitle = {Proceedings of the 2010 IEEE Symposium on Security and Privacy
               (S\&P)},
  pages = {513--528},
  year = {2010},
  doi = {10.1109/SP.2010.38},
}

@inproceedings{sym-js,
  title = {{SymJS: Automatic Symbolic Testing of JavaScript Web Applications}},
  author = {Li, Guodong and Andreasen, Esben and Ghosh, Indradeep},
  booktitle = {Proceedings of the 22nd ACM SIGSOFT International Symposium on
               Foundations of Software Engineering (FSE)},
  pages = {449–459},
  year = {2014},
  doi = {10.1145/2635868.2635913},
}

@inproceedings{expo-se,
  title = {{ExpoSE: Practical Symbolic Execution of Standalone JavaScript}},
  author = {Loring, Blake and Mitchell, Duncan and Kinder, Johannes},
  booktitle = {Proceedings of the 24th ACM SIGSOFT International SPIN Symposium
               on Model Checking of Software},
  pages = {196–199},
  year = {2017},
  doi = {10.1145/3092282.3092295},
}

@inproceedings{jalangi,
  title = {{Jalangi: A Tool Framework for Concolic Testing, Selective
           Record-Replay, and Dynamic Analysis of JavaScript}},
  author = {Sen, Koushik and Kalasapur, Swaroop and Brutch, Tasneem and Gibbs,
            Simon},
  booktitle = {Proceedings of the 2013 9th Joint Meeting on Foundations of
               Software Engineering (ESEC/FSE)},
  pages = {615–618},
  year = {2013},
  doi = {10.1145/2491411.2494598},
}

@inproceedings{type-conc-test,
  title = {{Type-Aware Concolic Testing of JavaScript Programs}},
  author = {Dhok, Monika and Ramanathan, Murali Krishna and Sinha, Nishant},
  booktitle = {Proceedings of the 38th International Conference on Software
               Engineering (ICSE)},
  pages = {168–179},
  year = {2016},
  doi = {10.1145/2884781.2884859},
}

%%%%%%%%%%%%%%%%%%%%%%%%%%%%%%%%%%%%%%%%%%%%%%%%%%%%%%%%%%%%%%%%%%%%%%%%%%%%%%%%
% Language Design Assistant (LDA)
%%%%%%%%%%%%%%%%%%%%%%%%%%%%%%%%%%%%%%%%%%%%%%%%%%%%%%%%%%%%%%%%%%%%%%%%%%%%%%%%
@article{lda,
  title = {{Semantics of Programming Languages: A Tool-Oriented Approach}},
  author = {Heering, Jan and Klint, Paul},
  journal = {ACM Sigplan Notices},
  volume = {35},
  number = {3},
  pages = {39--48},
  year = {2000},
  publisher = {ACM New York, NY, USA},
  doi = {10.1145/351159.351173},
}

@inproceedings{lisa,
  title = {{LISA: An Interactive Environment for Programming Language
           Development}},
  author = {Mernik, Marjan and Lenic, Mitja and Avdicausevic, Enis and Zumer,
            Viljem},
  booktitle = {Proceedings of the 11th International Conference on Compiler
               Construction (CC)},
  pages = {1--4},
  year = {2002},
}

@article{ipld,
  title = {{Incremental Programming Language Development}},
  author = {Mernik, Marjan and {\v{Z}}umer, Viljem},
  journal = {Computer Languages, Systems \& Structures},
  volume = {31},
  number = {1},
  pages = {1--16},
  year = {2005},
  publisher = {Elsevier},
  doi = {10.1016/j.cl.2004.02.001},
}

@article{asf-sdf,
  title = {{The Asf+Sdf Meta-Environment: A Component-Based Language Development
           Environment}},
  journal = {Electronic Notes in Theoretical Computer Science},
  volume = {44},
  number = {2},
  pages = {3-8},
  year = {2001},
  note = {LDTA'01, First Workshop on Language Descriptions, Tools and
          Applications (a Satellite Event of ETAPS 2001)},
  issn = {1571-0661},
  doi = {10.1016/S1571-0661(04)80917-4},
  author = {M.G.J. {van den Brand} and A. {van Deursen} and J. Heering and H.A.
            {de Jong} and M. {de Jonge} and T. Kuipers and P. Klint and L.
            Moonen and P.A. Olivier and J. Scheerder and J.J. Vinju and E.
            Visser and J. Visser},
}

@article{meta-env,
  title = {{A Meta-Environment for Generating Programming Environments}},
  author = {Klint, P.},
  year = {1993},
  issue_date = {April 1993},
  publisher = {Association for Computing Machinery},
  address = {New York, NY, USA},
  volume = {2},
  number = {2},
  issn = {1049-331X},
  doi = {10.1145/151257.151260},
  journal = {ACM Transactions on Software Engineering Methodology},
  month = apr,
  pages = {176--201},
  numpages = {26},
}

@inproceedings{faustine,
  title = {{Faustine: a vector faust interpreter test bed for multimedia signal
           processing}},
  author = {Barkati, Karim and Wang, Haisheng and Jouvelot, Pierre},
  booktitle = {Proceedings of the International Symposium on Functional and
               Logic Programming (FLOPS)},
  pages = {69--85},
  year = {2014},
  organization = {Springer},
  doi = {10.1007/978-3-319-07151-0_5},
}

%%%%%%%%%%%%%%%%%%%%%%%%%%%%%%%%%%%%%%%%%%%%%%%%%%%%%%%%%%%%%%%%%%%%%%%%%%%%%%%%
% Domain Specific Language (DSL)
%%%%%%%%%%%%%%%%%%%%%%%%%%%%%%%%%%%%%%%%%%%%%%%%%%%%%%%%%%%%%%%%%%%%%%%%%%%%%%%%
@article{dsl-survey,
  title = {{Domain-Specific Languages: An Annotated Bibliography}},
  author = {van Deursen, Arie and Klint, Paul and Visser, Joost},
  year = {2000},
  issue_date = {June 2000},
  publisher = {Association for Computing Machinery},
  address = {New York, NY, USA},
  volume = {35},
  number = {6},
  issn = {0362-1340},
  doi = {10.1145/352029.352035},
  journal = {SIGPLAN Notice},
  month = jun,
  pages = {26--36},
  numpages = {11},
}

@article{dsl-survey2,
  title = {{When and How to Develop Domain-Specific Languages}},
  author = {Mernik, Marjan and Heering, Jan and Sloane, Anthony M.},
  year = {2005},
  issue_date = {December 2005},
  publisher = {Association for Computing Machinery},
  address = {New York, NY, USA},
  volume = {37},
  number = {4},
  issn = {0360-0300},
  doi = {10.1145/1118890.1118892},
  journal = {ACM Computing Survey},
  month = dec,
  pages = {316–344},
  numpages = {29},
}

%%%%%%%%%%%%%%%%%%%%%%%%%%%%%%%%%%%%%%%%%%%%%%%%%%%%%%%%%%%%%%%%%%%%%%%%%%%%%%%%
% Live Programming (LP)
%%%%%%%%%%%%%%%%%%%%%%%%%%%%%%%%%%%%%%%%%%%%%%%%%%%%%%%%%%%%%%%%%%%%%%%%%%%%%%%%
@inproceedings{omnicode,
  title = {{Omnicode: A Novice-Oriented Live Programming Environment with
           Always-On Run-Time Value Visualizations}},
  author = {Kang, Hyeonsu and Guo, Philip J.},
  booktitle = {Proceedings of the 30th Annual ACM Symposium on User Interface
               Software and Technology (UIST)},
  pages = {737--745},
  year = {2017},
  doi = {10.1145/3126594.3126632},
}

@inproceedings{situ-vis,
  title = {{Augmenting Code with In Situ Visualizations to Aid Program
           Understanding}},
  author = {Hoffswell, Jane and Satyanarayan, Arvind and Heer, Jeffrey},
  booktitle = {Proceedings of the 2018 CHI Conference on Human Factors in
               Computing Systems},
  pages = {1--12},
  year = {2018},
  doi = {10.1145/3173574.3174106},
}

@inproceedings{proj-box,
  title = {{Projection Boxes: On-the-Fly Reconfigurable Visualization for Live
           Programming}},
  author = {Lerner, Sorin},
  booktitle = {Proceedings of the 2020 CHI Conference on Human Factors in
               Computing Systems},
  pages = {1--7},
  year = {2020},
  doi = {10.1145/3313831.3376494},
}

%%%%%%%%%%%%%%%%%%%%%%%%%%%%%%%%%%%%%%%%%%%%%%%%%%%%%%%%%%%%%%%%%%%%%%%%%%%%%%%%
% JISET family
%%%%%%%%%%%%%%%%%%%%%%%%%%%%%%%%%%%%%%%%%%%%%%%%%%%%%%%%%%%%%%%%%%%%%%%%%%%%%%%%
@inproceedings{jiset,
  title = {{JISET: JavaScript IR-based Semantics Extraction Toolchain}},
  author = {Park, Jihyeok and Park, Jihee and An, Seungmin and Ryu, Sukyoung},
  booktitle = {Proceedings of the 35th IEEE/ACM International Conference on
               Automated Software Engineering (ASE)},
  pages = {647--658},
  year = {2020},
  organization = {IEEE},
  doi = {10.1145/3324884.3416632},
}

@inproceedings{jest,
  title = {{JEST: N+1-version Differential Testing of Both JavaScript Engines
           and Specification}},
  author = {Park, Jihyeok and An, Seungmin and Youn, Dongjun and Kim, Gyeongwon
            and Ryu, Sukyoung},
  booktitle = {Proceedings of IEEE/ACM 43rd International Conference on Software
               Engineering (ICSE)},
  pages = {13--24},
  year = {2021},
  organization = {IEEE},
  doi = {10.1109/ICSE43902.2021.00015},
}

@inproceedings{jstar,
  title = {{JSTAR: JavaScript Specification Type Analyzer using Refinement}},
  author = {Park, Jihyeok and An, Seungmin and Shin, Wonho and Sim, Yusung and
            Ryu, Sukyoung},
  booktitle = {Proceedings of the 36th IEEE/ACM International Conference on
               Automated Software Engineering (ASE)},
  year = {2021},
  doi = {10.1109/ASE51524.2021.9678781},
}

@inproceedings{jsaver,
  title = {{Automatically Deriving JavaScript Static Analyzers from
           Specifications Using Meta-Level Static Analysis}},
  author = {Park, Jihyeok and An, Seungmin and Ryu, Sukyoung},
  booktitle = {Proceedings of the 30th ACM Joint European Software Engineering
               Conference and Symposium on the Foundations of Software
               Engineering (ESEC/FSE)},
  year = {2022},
  doi = {10.1145/3540250.3549097},
}

%%%%%%%%%%%%%%%%%%%%%%%%%%%%%%%%%%%%%%%%%%%%%%%%%%%%%%%%%%%%%%%%%%%%%%%%%%%%%%%%
% Parital Evaluation
%%%%%%%%%%%%%%%%%%%%%%%%%%%%%%%%%%%%%%%%%%%%%%%%%%%%%%%%%%%%%%%%%%%%%%%%%%%%%%%%
@book{peval,
  title = {{Partial Evaluation and Automatic Program Generation}},
  author = {Jones, Neil D and Gomard, Carsten K and Sestoft, Peter},
  year = {1993},
  publisher = {Peter Sestoft},
  isbn = {978-0-13-020249-9},
}

@article{peval-survey,
  title = {{An Introduction to Partial Evaluation}},
  author = {Jones, Neil D.},
  year = {1996},
  issue_date = {Sept. 1996},
  publisher = {Association for Computing Machinery},
  address = {New York, NY, USA},
  volume = {28},
  number = {3},
  issn = {0360-0300},
  doi = {10.1145/243439.243447},
  journal = {ACM Computing Survey},
  month = sep,
  pages = {480–503},
  numpages = {24},
}

@inproceedings{trans-ai,
  title = {{Systematic Design of Program Transformation Frameworks by Abstract
           Interpretation}},
  author = {Cousot, Patrick and Cousot, Radhia},
  booktitle = {Proceedings of the 29th ACM SIGPLAN-SIGACT Symposium on
               Principles of Programming Languages (POPL)},
  year = {2002},
  pages = {178–190},
  doi = {10.1145/503272.503290},
}

%%%%%%%%%%%%%%%%%%%%%%%%%%%%%%%%%%%%%%%%%%%%%%%%%%%%%%%%%%%%%%%%%%%%%%%%%%%%%%%%
% Parital Evaluation
%%%%%%%%%%%%%%%%%%%%%%%%%%%%%%%%%%%%%%%%%%%%%%%%%%%%%%%%%%%%%%%%%%%%%%%%%%%%%%%%
@article{delta-debugging,
  title = {{Simplifying and Isolating Failure-Inducing Input}},
  author = {Zeller, A. and Hildebrandt, R.},
  journal = {IEEE Transactions on Software Engineering},
  year = {2002},
  volume = {28},
  number = {2},
  pages = {183-200},
  doi = {10.1109/32.988498},
}

%%%%%%%%%%%%%%%%%%%%%%%%%%%%%%%%%%%%%%%%%%%%%%%%%%%%%%%%%%%%%%%%%%%%%%%%%%%%%%%%
% Abstract Interpretation
%%%%%%%%%%%%%%%%%%%%%%%%%%%%%%%%%%%%%%%%%%%%%%%%%%%%%%%%%%%%%%%%%%%%%%%%%%%%%%%%
@inproceedings{ai1977,
  title = {{Abstract Interpretation: A Unified Lattice Model for Static
           Analysis of Programs by Construction or Approximation of
           Fixpoints}},
  author = {Cousot, Patrick and Cousot, Radhia},
  booktitle = {Proceedings of the 4th ACM SIGACT-SIGPLAN Symposium on
               Principles of Programming languages (POPL)},
  year = {1977},
  doi = {10.1145/512950.512973},
}

@article{ai1992,
  title = {{Abstract Interpretation Frameworks}},
  author = {Cousot, Patrick and Cousot, Radhia},
  journal = {Journal of Logic and Computation (JLC)},
  volume = {2},
  number = {4},
  pages = {511--547},
  year = {1992},
  doi = {10.1093/logcom/2.4.511},
}

%%%%%%%%%%%%%%%%%%%%%%%%%%%%%%%%%%%%%%%%%%%%%%%%%%%%%%%%%%%%%%%%%%%%%%%%%%%%%%%%
% Implicit Behaviors in JavaScript
%%%%%%%%%%%%%%%%%%%%%%%%%%%%%%%%%%%%%%%%%%%%%%%%%%%%%%%%%%%%%%%%%%%%%%%%%%%%%%%%
@inproceedings{implicit-conversion-js,
  title = {{The Good, the Bad, and the Ugly: An Empirical Study of Implicit Type
           Conversions in JavaScript}},
  author = {Michael Pradel and Koushik Sen},
  booktitle = {Proceedings of 29th European Conference on Object-Oriented
               Programming (ECOOP)},
  year = {2015},
  doi = {10.4230/LIPIcs.ECOOP.2015.519},
}

%%%%%%%%%%%%%%%%%%%%%%%%%%%%%%%%%%%%%%%%%%%%%%%%%%%%%%%%%%%%%%%%%%%%%%%%%%%%%%%%
% JavaScript Engine Fuzzer
%%%%%%%%%%%%%%%%%%%%%%%%%%%%%%%%%%%%%%%%%%%%%%%%%%%%%%%%%%%%%%%%%%%%%%%%%%%%%%%%
@inproceedings{montage,
  title = {{Montage: A Neural Network Language
           $\{$Model-Guided$\}$$\{$JavaScript$\}$ Engine Fuzzer}},
  author = {{Lee, Suyoung and Han, HyungSeok and Cha, Sang Kil and Son, Sooel}},
  booktitle = {Proceedings of 29th USENIX Security Symposium},
  pages = {2613--2630},
  year = {2020},
}

@inproceedings{langfuzz,
  title = {Fuzzing with code fragments},
  author = {Holler, Christian and Herzig, Kim and Zeller, Andreas},
  booktitle = {Proceedings of 21st USENIX Security Symposium},
  pages = {445--458},
  year = {2012},
}

@inproceedings{die,
  title = {{Fuzzing JavaScript Engines with Aspect-preserving Mutation}},
  author = {Park, Soyeon and Xu, Wen and Yun, Insu and Jang, Daehee and Kim,
            Taesoo},
  booktitle = {2020 IEEE Symposium on Security and Privacy (SP)},
  pages = {1629--1642},
  year = {2020},
  organization = {IEEE},
  doi = {10.1109/SP40000.2020.00067},
}

@inproceedings{favocado,
  title = {{Favocado: Fuzzing the Binding Code of JavaScript Engines Using
           Semantically Correct Test Cases}},
  author = {Dinh, Sung Ta and Cho, Haehyun and Martin, Kyle and Oest, Adam and
            Zeng, Kyle and Kapravelos, Alexandros and Ahn, Gail-Joon and Bao,
            Tiffany and Wang, Ruoyu and Doup{\'e}, Adam and Shoshitaishvili,
            Yan},
  booktitle = {Proceedings of the 2021 Annual Network and Distributed System
               Security Symposium (NDSS)},
  year = {2021},
  doi = {10.14722/ndss.2021.24224},
}

@inproceedings{codealchemist,
  title = {{CodeAlchemist: Semantics-Aware Code Generation to Find
           Vulnerabilities in JavaScript Engines}},
  author = {{Han, HyungSeok and Oh, DongHyeon and Cha, Sang Kil}},
  booktitle = {Proceedings of the 2019 Annual Network and Distributed System
               Security Symposium (NDSS)},
  year = {2019},
  doi = {10.14722/ndss.2019.23263},
}

@inproceedings{jit-picking,
  title = {{JIT-Picking: Differential Fuzzing of JavaScript Engines}},
  author = {Bernhard, Lukas and Scharnowski, Tobias and Schloegel, Moritz and
            Blazytko, Tim and Holz, Thorsten},
  booktitle = {Proceedings of the 2022 ACM SIGSAC Conference on Computer and
               Communications Security (CCS)},
  year = {2022},
  doi = {10.1145/3548606.3560624},
}

@inproceedings{sofi,
  title = {{SoFi: Reflection-augmented fuzzing for JavaScript engines}},
  author = {He, Xiaoyu and Xie, Xiaofei and Li, Yuekang and Sun, Jianwen and Li,
            Feng and Zou, Wei and Liu, Yang and Yu, Lei and Zhou, Jianhua and
            Shi, Wenchang and Huo, Wei},
  booktitle = {Proceedings of the 2021 ACM SIGSAC Conference on Computer and
               Communications Security (CCS)},
  pages = {2229--2242},
  year = {2021},
  doi = {10.1145/3460120.3484823},
}

@inproceedings{comfort,
  title = {{Automated Conformance Testing for JavaScript Engines via Deep
           Compiler Fuzzing}},
  author = {Ye, Guixin and Tang, Zhanyong and Tan, Shin Hwei and Huang, Songfang
            and Fang, Dingyi and Sun, Xiaoyang and Bian, Lizhong and Wang, Haibo
            and Wang, Zheng},
  booktitle = {Proceedings of the 42nd ACM SIGPLAN International Conference on
               Programming Language Design and Implementation (PLDI)},
  year = {2021},
  doi = {10.1145/3453483.3454054},
}

@inproceedings{superion,
  title = {{Superion: Grammar-Aware Greybox Fuzzing}},
  author = {Wang, Junjie and Chen, Bihuan and Wei, Lei and Liu, Yang},
  booktitle = {Proceedings of the 41st International Conference on Software
               Engineering (ICSE)},
  year = {2019},
  doi = {10.1109/ICSE.2019.00081},
}

@inproceedings{js-fuzz-survey,
  title = {{Research on Fuzzing Technology for JavaScript Engines}},
  author = {Tian, Ye and Qin, Xiaojun and Gan, Shuitao},
  booktitle = {The 5th International Conference on Computer Science and
               Application Engineering (CSAE)},
  year = {2021},
  doi = {10.1145/3487075.3487107},
}

@article{fuzzil,
  title = {{Fuzzil: Coverage Guided Fuzzing for JavaScript Engines}},
  author = {Gro{\ss}, Samuel},
  journal = {Department of Informatics, Karlsruhe Institute of Technology},
  year = {2018}
}

@online{fuzzilli,
  title = {{A JavaScript Engine Fuzzer developed by Google}},
  year = {2022},
  url = {https://github.com/googleprojectzero/fuzzilli},
}

@online{jsfunfuzz,
  title = {{A JavaScript Engine Fuzzer developed by Mozilla}},
  year = {2022},
  url = {https://github.com/MozillaSecurity/funfuzz},
}

@inproceedings{ifuzzer,
  title = {{IFuzzer: An Evolutionary Interpreter Fuzzer Using Genetic
           Programming}},
  author = {Veggalam, Spandan and Rawat, Sanjay and Haller, Istvan and Bos,
            Herbert},
  booktitle = {Computer Security -- ESORICS 2016},
  year = {2016},
  doi = {10.1007/978-3-319-45744-4_29},
}

%%%%%%%%%%%%%%%%%%%%%%%%%%%%%%%%%%%%%%%%%%%%%%%%%%%%%%%%%%%%%%%%%%%%%%%%%%%%%%%%
% Other Automated Software Testing
%%%%%%%%%%%%%%%%%%%%%%%%%%%%%%%%%%%%%%%%%%%%%%%%%%%%%%%%%%%%%%%%%%%%%%%%%%%%%%%%
@article{symbolic-execution,
  title = {{Symbolic Execution and Program Testing}},
  author = {King, James C.},
  journal = {Commun. ACM},
  volume = {19},
  number = {7},
  pages = {385–394},
  year = {1976},
  publisher = {Association for Computing Machinery},
  doi = {10.1145/360248.360252},
}


@book{cov-def,
  title = {{Introduction to Software Testing}},
  author = {Ammann, Paul and Offutt, Jeff},
  year = {2008},
  publisher = {Cambridge University Press},
  isbn = {0-52188-038-1},
}

%%%%%%%%%%%%%%%%%%%%%%%%%%%%%%%%%%%%%%%%%%%%%%%%%%%%%%%%%%%%%%%%%%%%%%%%%%%%%%%%
% Coverage-Guided Testing
%%%%%%%%%%%%%%%%%%%%%%%%%%%%%%%%%%%%%%%%%%%%%%%%%%%%%%%%%%%%%%%%%%%%%%%%%%%%%%%%
@inproceedings{unit-test,
  title = {{An Experimental Comparison of Four Unit Test Criteria: Mutation,
           Edge-Pair, All-Uses and Prime Path Coverage}},
  author = {Li, Nan and Praphamontripong, Upsorn and Offutt, Jeff},
  booktitle = {Proceedings of the IEEE International Conference on Software
               Testing, Verification, and Validation Workshops (ICSTW)},
  year = {2009},
  doi = {10.1109/ICSTW.2009.30},
}

@inproceedings{cov-trace,
  title = {{Full-Speed Fuzzing: Reducing Fuzzing Overhead through
           Coverage-Guided Tracing}},
  author = {Nagy, Stefan and Hicks, Matthew},
  booktitle = {Proceedings of 2019 IEEE Symposium on Security and Privacy (SP)},
  year = {2019},
  doi = {10.1109/SP.2019.00069},
}

@inproceedings{cov-fuzz-collision,
  title = {{CollAFL: Path Sensitive Fuzzing}},
  author = {Gan, Shuitao and Zhang, Chao and Qin, Xiaojun and Tu, Xuwen and Li,
            Kang and Pei, Zhongyu and Chen, Zuoning},
  booktitle = {2018 IEEE Symposium on Security and Privacy (SP)},
  year = {2018},
  doi = {10.1109/SP.2018.00040}
}

@inproceedings{cov-test-concurrency,
  title = {{Coverage Guided Systematic Concurrency Testing}},
  author = {Wang, Chao and Said, Mahmoud and Gupta, Aarti},
  booktitle = {Proceedings of the 33rd International Conference on Software
               Engineering (ICSE)},
  year = {2011},
  doi = {10.1145/1985793.1985824},
}

@inproceedings{cov-concolic-dll,
  title = {{Concolic Testing for Deep Neural Networks}},
  author = {Sun, Youcheng and Wu, Min and Ruan, Wenjie and Huang, Xiaowei and
            Kwiatkowska, Marta and Kroening, Daniel},
  booktitle = {Proceedings of the 33rd ACM/IEEE International Conference on
               Automated Software Engineering ASE)},
  year = {2018},
  doi = {10.1145/3238147.3238172},
}

@inproceedings{cov-fuzz-tensor,
  title = {{TensorFuzz: Debugging Neural Networks with Coverage-Guided Fuzzing}},
  author = {Odena, Augustus and Olsson, Catherine and Andersen, David and
            Goodfellow, Ian},
  booktitle = {Proceedings of International Conference on Machine Learning
               (ICML)},
  year = {2019},
}

@inproceedings{cov-fuzz-dl,
  title = {{DeepHunter: A Coverage-Guided Fuzz Testing Framework for Deep Neural
           Networks}},
  author = {Xie, Xiaofei and Ma, Lei and Juefei-Xu, Felix and Xue, Minhui and
            Chen, Hongxu and Liu, Yang and Zhao, Jianjun and Li, Bo and Yin,
            Jianxiong and See, Simon},
  booktitle = {Proceedings of the 28th ACM SIGSOFT International Symposium on
               Software Testing and Analysis (ISSTA)},
  year = {2019},
  doi = {10.1145/3293882.3330579},
}

@inproceedings{cov-neuron,
  title = {{DeepXplore: Automated Whitebox Testing of Deep Learning Systems}},
  author = {Pei, Kexin and Cao, Yinzhi and Yang, Junfeng and Jana, Suman},
  booktitle = {Proceedings of the 26th Symposium on Operating Systems
               Principles (SOSP)},
  year = {2017},
  doi = {10.1145/3132747.3132785},
}

@inproceedings{cov-k-neuron,
  title = {{DeepGauge: Multi-Granularity Testing Criteria for Deep Learning
           Systems}},
  author = {Ma, Lei and Juefei-Xu, Felix and Zhang, Fuyuan and Sun, Jiyuan and
            Xue, Minhui and Li, Bo and Chen, Chunyang and Su, Ting and Li, Li
            and Liu, Yang and Zhao, Jianjun and Wang, Yadong},
  booktitle = {Proceedings of the 33rd ACM/IEEE International Conference on
               Automated Software Engineering (ASE)},
  year = {2018},
  doi = {10.1145/3238147.3238202},
}

@article{cov-dataflow,
  title = {{A Data Flow Analysis Approach to Program Testing}},
  author = {Herman, PM},
  journal = {Australian Computer Journal},
  volume = {8},
  number = {3},
  pages = {92--96},
  year = {1976},
}

@article{cov-mcdc,
  title = {{Applicability of modified condition/decision coverage to software
           testing}},
  author = {Chilenski, John Joseph and Miller, Steven P},
  journal = {Software Engineering Journal},
  volume = {9},
  number = {5},
  pages = {193--200},
  year = {1994},
  publisher = {IET},
}

@article{test-minimize-survey,
  title = {{Regression Testing Minimization, Selection and Prioritisation: A
           Survey}},
  author = {Yoo, Shin and Harman, Mark},
  journal = {Software {T}esting, {V}erification, and {R}eliability},
  keywords = {survey},
  month = mar,
  number = {2},
  pages = {67--120},
  volume = {22},
  year = {2012},
  doi = {10.1002/stvr.430}
}

@inproceedings{cov-test-minimize,
  title = {{A Study of Effective Regression Testing in Practice}},
  author = {Wong, W.E. and Horgan, J.R. and London, S. and Agrawal, H.},
  booktitle = {Proceedings The Eighth International Symposium on Software
               Reliability Engineering (ISSRE)},
  year = {1997},
  pages = {264-274},
  doi = {10.1109/ISSRE.1997.630875}
}

@inproceedings{cov-model-api,
  title = {{Model-Based API Testing of Apache ZooKeeper}},
  author = {Artho, Cyrille and Gros, Quentin and Rousset, Guillaume and Banzai,
            Kazuaki and Ma, Lei and Kitamura, Takashi and Hagiya, Masami and
            Tanabe, Yoshinori and Yamamoto, Mitsuharu},
  booktitle = {2017 IEEE International Conference on Software Testing,
               Verification and Validation (ICST)},
  year = {2017},
  doi = {10.1109/ICST.2017.33}
}

@book{cov-model-book,
  title = {{Practical Model-based Testing: A Tools Approach}},
  author = {Utting, Mark and Legeard, Bruno},
  year = {2010},
  publisher = {Elsevier}
}

@article{cov-param,
  title = {{Parameter Coverage for Testing of Autonomous Driving Systems Under
           Uncertainty}},
  author = {Laurent, Thomas and Klikovits, Stefan and Arcaini, Paolo and
            Ishikawa, Fuyuki and Ventresque, Anthony},
  journal = {ACM Trans. Softw. Eng. Methodol.},
  month = {jul},
  year = {2022},
  publisher = {Association for Computing Machinery},
  address = {New York, NY, USA},
  issn = {1049-331X},
  doi = {10.1145/3550270},
  journal = {ACM Trans. Softw. Eng. Methodol.},
}

@inproceedings{cov-partition,
  title = {{Partition-Based Coverage Metrics and Type-Guided Search in Concolic
           Testing for JavaScript Applications}},
  author = {Bae, Sora and Park, Joonyoung and Ryu, Sukyoung},
  booktitle = {2017 IEEE/ACM 5th International FME Workshop on Formal Methods
               in Software Engineering (FormaliSE)},
  year = {2017},
  doi = {10.1109/FormaliSE.2017.10},
}

%%%%%%%%%%%%%%%%%%%%%%%%%%%%%%%%%%%%%%%%%%%%%%%%%%%%%%%%%%%%%%%%%%%%%%%%%%%%%%%%
% others
%%%%%%%%%%%%%%%%%%%%%%%%%%%%%%%%%%%%%%%%%%%%%%%%%%%%%%%%%%%%%%%%%%%%%%%%%%%%%%%%
@online{afl,
  title = {{American Fuzzy Lop}},
  author = {{Michal Zalewski}},
  year = {2007},
  url = {https://lcamtuf.coredump.cx/afl/},
}

@inproceedings{deep-smith,
  title = {{Compiler Fuzzing through Deep Learning}},
  author = {Cummins, Chris and Petoumenos, Pavlos and Murray, Alastair and
            Leather, Hugh},
  booktitle = {Proceedings of the 27th ACM SIGSOFT International Symposium on
               Software Testing and Analysis (ISSTA)},
  year = {2018},
  doi = {10.1145/3213846.3213848},
}

@inproceedings{java-diff-test,
  title = {{Deep Differential Testing of JVM Implementations}},
  author = {Chen, Yuting and Su, Ting and Su, Zhendong},
  booktitle = {Proceedings of 41st IEEE/ACM International Conference on Software
               Engineering (ICSE)},
  year = {2019},
  doi = {10.1109/ICSE.2019.00127}
}

@inproceedings{csmith,
  title = {{Finding and Understanding Bugs in C Compilers}},
  author = {Yang, Xuejun and Chen, Yang and Eide, Eric and Regehr, John},
  booktitle = {Proceedings of the 32nd ACM SIGPLAN Conference on Programming
               Language Design and Implementation (PLDI)},
  year = {2011},
  doi = {10.1145/1993498.1993532},
}

@inproceedings{diff-test-embedded,
  title = {{RandIR: Differential Testing for Embedded Compilers}},
  author = {Ofenbeck, Georg and Rompf, Tiark and P\"{u}schel, Markus},
  booktitle = {Proceedings of the 2016 7th ACM SIGPLAN Symposium on Scala},
  year = {2016},
  doi = {10.1145/2998392.2998397},
}

@online{xml-test-suite,
  title = {{Extensible Markup Language (XML) Conformance Test Suites}},
  author = {{XMLTestSuite}},
  year = {2011},
  url = {https://www.w3.org/XML/Test/},
}

@article{diff-test,
  title = {{Differential Testing for Software}},
  author = {McKeeman, William M},
  journal = {Digital Technical Journal},
  volume = {10},
  number = {1},
  pages = {100--107},
  year = {1998}
}

@inproceedings{diff-debugger,
  title = {{Feedback-Directed Differential Testing of Interactive Debuggers}},
  author = {Lehmann, Daniel and Pradel, Michael},
  booktitle = {Proceedings of the 2018 26th ACM Joint Meeting on European
               Software Engineering Conference and Symposium on the Foundations
               of Software Engineering (ESEC/FSE)},
  year = {2018},
  doi = {10.1145/3236024.3236037},
}

@article{diff-cpp-front,
  title = {{Detecting C++ Compiler Front-End Bugs via Grammar Mutation and
           Differential Testing}},
  author = {Tu, Haoxin and Jiang, He and Zhou, Zhide and Tang, Yixuan and Ren,
            Zhilei and Qiao, Lei and Jiang, Lingxiao},
  journal = {IEEE Transactions on Reliability},
  year = {2022},
  pages = {1-15},
  doi = {10.1109/TR.2022.3171220}
}

%%%%%%%%%%%%%%%%%%%%%%%%%%%%%%%%%%%%%%%%%%%%%%%%%%%%%%%%%%%%%%%%%%%%%%%%%%%%%%%%
% Artifact
%%%%%%%%%%%%%%%%%%%%%%%%%%%%%%%%%%%%%%%%%%%%%%%%%%%%%%%%%%%%%%%%%%%%%%%%%%%%%%%%
@software{artifact,
  title = {{Artifact For ``JSAVER: JavaScript Static Analyzer via ECMAScript
           Representation''}},
  author = {Park, Jihyeok and Youn, Dongjun and Lee, Kanguk and Ryu, Sukyoung},
  year = {2023},
  url = {https://doi.org/10.5281/zenodo.7787547}
  doi = {10.5281/zenodo.7787547},
}
